@Book{lemons2002,
  title     = {An Introduction to Stochastic Processes in Physics},
  author    = {Don S. Lemons},
  year      = {2002},
  publisher = {The Johns Hopkins University Press},
  isbn      = {0-8018-6866-1}
}

@Book{Gnedenko2021,
  title     = {Limit Distributions for Sums of Independent Random Variables},
  author    = {Boris V. Gnedenko and Alexander N. Kolmogorov},
  year      = {2021},
  publisher = {Martino Fine Books},
  isbn      = {978-1-68422-579-8}
}

@Book{Cochran1934,
  title     = {The distribution of quadratic forms in a normal system, with applications to the analysis of covariance},
  author    = {William G. Cochran},
  year      = {1934},
  journal   = {Mathematical Proceedings of the Cambridge Philosophical Society},
  volume    = {30},
  number    = {3},
  pages     = {178--191},
  doi       = {10.1017/S0305004100016595},
  publisher = {Cambridge University Press}
}

@Book{Basu1955,
  title     = {On Statistics Independent of a Complete Sufficient Statistic},
  author    = {D. Basu},
  year      = {1955},
  journal   = {Sankhya},
  volume    = {15},
  pages     = {377--380}
}

@Book{Wilson1927,
  title     = {Probable inference, the law of succession, and statistical inference},
  author    = {Edwin Bidwell Wilson},
  year      = {1927},
  journal   = {Journal of the American Statistical Association},
  volume    = {22},
  number    = {158},
  pages     = {209-–212}
}

@Book{Hogg2015,
  title     = {Probability and Statistical Inference},
  author    = {Robert V. Hogg and Elliott A. Tanis and Dale L. Zimmerman},
  year      = {2015},
  publisher = {Pearson},
  edition   = {9th},
  isbn      = {978-0-321-92327-1}
}

%%% Класичні та Фундаментальні Підручники зі Статистики %%%

@book{Wasserman2004,
  author    = {Wasserman, Larry},
  title     = {All of Statistics: A Concise Course in Statistical Inference},
  publisher = {Springer},
  year      = {2004},
  address   = {New York},
  isbn      = {978-0387402727},
  annote    = {Стислий, але комплексний огляд статистичного висновування. Охоплює теорію ймовірностей, розподіли, оцінювання, перевірку гіпотез (включаючи Z та t-критерії), довірчі інтервали. Гарна теоретична база.}
}

@book{Casella2002,
  author    = {Casella, George and Berger, Roger L.},
  title     = {Statistical Inference},
  edition   = {2nd},
  publisher = {Duxbury Press},
  year      = {2002},
  isbn      = {978-0534243128},
  annote    = {Фундаментальний, теоретично насичений підручник. Детально розглядає теорію ймовірностей, розподіли, методи оцінювання, перевірку гіпотез (включаючи біноміальний, Z, t-критерії) та довірчі інтервали. Для глибокого розуміння.}
}

@book{Freedman2007,
  author    = {Freedman, David and Pisani, Robert and Purves, Roger},
  title     = {Statistics},
  edition   = {4th},
  publisher = {W. W. Norton & Company},
  year      = {2007},
  isbn      = {978-0393929720},
  annote    = {Класичний підручник, відомий інтуїтивним поясненням концепцій. Висвітлює основи: вибірки, розподіли, ЦГТ, довірчі інтервали, перевірку гіпотез (Z та t-критерії).}
}

@book{Hogg2019,
  author    = {Hogg, Robert V. and McKean, Joseph W. and Craig, Allen T.},
  title     = {Introduction to Mathematical Statistics},
  edition   = {8th},
  publisher = {Pearson},
  year      = {2018},
  isbn      = {978-0134686998},
  annote    = {Ще один стандартний текст з математичної статистики, що охоплює основи розподілів, оцінювання, довірчих інтервалів та перевірки гіпотез.}
}

@book{Mood1974,
  author    = {Mood, Alexander M. and Graybill, Franklin A. and Boes, Duane C.},
  title     = {Introduction to the Theory of Statistics},
  edition   = {3rd},
  publisher = {McGraw-Hill},
  year      = {1974},
  isbn      = {978-0070428645},
  annote    = {Класичний текст, що забезпечує міцну теоретичну основу для статистичного висновування, включаючи розподіли та перевірку гіпотез.}
}

@book{Snedecor1989,
  author    = {Snedecor, George W. and Cochran, William G.},
  title     = {Statistical Methods},
  edition   = {8th},
  publisher = {Iowa State University Press},
  year      = {1989},
  isbn      = {978-0813815619},
  annote    = {Класичний посібник з прикладних статистичних методів, що широко використовувався десятиліттями. Містить детальний розгляд t-тестів та інших методів.}
}

@book{Lehmann2005,
  author    = {Lehmann, Erich L. and Romano, Joseph P.},
  title     = {Testing Statistical Hypotheses},
  edition   = {3rd},
  publisher = {Springer},
  year      = {2005},
  isbn      = {978-0387988641},
  annote    = {Фундаментальна праця з теорії перевірки гіпотез. Для глибокого теоретичного занурення в концепції критеріїв, потужності, p-значень.}
}

%%% Прикладна Статистика та Статистика для Науковців %%%

@book{Zar2010,
  author    = {Zar, Jerrold H.},
  title     = {Biostatistical Analysis},
  edition   = {5th},
  publisher = {Pearson Prentice Hall},
  year      = {2010},
  isbn      = {978-0131008465},
  annote    = {Дуже докладний і практичний посібник, хоча й з біологічним ухилом. Чудово пояснює t-тести, непараметричні аналоги, довірчі інтервали, аналіз потужності.}
}

@book{Agresti2013,
  author    = {Agresti, Alan},
  title     = {Categorical Data Analysis},
  edition   = {3rd},
  publisher = {Wiley},
  year      = {2012},
  isbn      = {978-0470463635},
  annote    = {Стандартний довідник з аналізу категоріальних даних. Містить глибокий розгляд біноміального розподілу, тестів для пропорцій (включаючи Z-тест) та побудови довірчих інтервалів (включаючи інтервал Вілсона).}
}

@book{Agresti2018,
  author    = {Agresti, Alan},
  title     = {An Introduction to Categorical Data Analysis},
  edition   = {3rd},
  publisher = {Wiley},
  year      = {2018},
  isbn      = {978-1119405269},
  annote    = {Більш доступна версія попередньої книги, ідеально підходить для тем, пов'язаних з біноміальним критерієм та Z-критерієм для пропорцій.}
}

@book{Montgomery2017,
  author    = {Montgomery, Douglas C.},
  title     = {Design and Analysis of Experiments},
  edition   = {9th},
  publisher = {Wiley},
  year      = {2017},
  isbn      = {978-1119113478},
  annote    = {Хоча фокусується на плануванні експериментів, книга містить чудові розділи про порівняння середніх (t-тести), перевірку припущень та концепцію статистичної потужності.}
}

%%% Статистика з Використанням Python %%%

@book{Downey2014,
  author    = {Downey, Allen B.},
  title     = {Think Stats: Exploratory Data Analysis in Python},
  edition   = {2nd},
  publisher = {O'Reilly Media},
  year      = {2014},
  isbn      = {978-1491907337},
  url       = {https://greenteapress.com/wp/think-stats-2e/},
  annote    = {Практичний посібник з Python. Охоплює розподіли (біноміальний, нормальний), перевірку гіпотез (t-критерій), довірчі інтервали. Використовує реальні дані та SciPy.}
}

@book{McKinney2022,
  author    = {McKinney, Wes},
  title     = {Python for Data Analysis},
  edition   = {3rd},
  publisher = {O'Reilly Media},
  year      = {2022},
  isbn      = {978-1098104030},
  annote    = {Необхідна книга для роботи з даними в Python (NumPy, Pandas), що є передумовою для використання статистичних функцій в SciPy та Statsmodels.}
}

@book{Bruce2020,
  author    = {Bruce, Peter and Bruce, Andrew and Gedeck, Peter},
  title     = {Practical Statistics for Data Scientists},
  edition   = {2nd},
  publisher = {O'Reilly Media},
  year      = {2020},
  isbn      = {978-1492072942},
  annote    = {Зосереджена на ключових концепціях для аналітиків даних. Пояснює перевірку гіпотез, p-значення, Z та t-критерії, довірчі інтервали, потужність, розмір ефекту. Приклади на Python та R.}
}

@book{VanderPlas2016,
  author    = {VanderPlas, Jake},
  title     = {Python Data Science Handbook: Essential Tools for Working with Data},
  publisher = {O'Reilly Media},
  year      = {2017},
  isbn      = {978-1491912058},
  url       = {https://jakevdp.github.io/PythonDataScienceHandbook/},
  annote    = {Чудовий огляд основних бібліотек Python для науки про дані, включаючи NumPy, Pandas та Matplotlib, з деяким вступом до Scikit-Learn та статистичних концепцій. Корисно для підготовки даних та візуалізації.}
}

@book{Grus2019,
  author    = {Grus, Joel},
  title     = {Data Science from Scratch: First Principles with Python},
  edition   = {2nd},
  publisher = {O'Reilly Media},
  year      = {2019},
  isbn      = {978-1492041139},
  annote    = {Реалізує багато статистичних концепцій (включаючи розподіли, перевірку гіпотез) з нуля на Python, що допомагає зрозуміти їхню внутрішню роботу.}
}

@book{Haslwanter2016,
  author    = {Haslwanter, Thomas},
  title     = {An Introduction to Statistics with Python: With Applications in the Life Sciences},
  publisher = {Springer},
  year      = {2016},
  isbn      = {978-3319283159},
  annote    = {Вступний текст, що фокусується на застосуванні статистики в Python, охоплюючи основи, t-тести, візуалізацію та використання SciPy.}
}

%%% Спеціалізовані Книги та Статті %%%

@book{Cohen1988,
  author    = {Cohen, Jacob},
  title     = {Statistical Power Analysis for the Behavioral Sciences},
  edition   = {2nd},
  publisher = {Lawrence Erlbaum Associates},
  year      = {1988},
  isbn      = {978-0805802832},
  annote    = {Класична і найвпливовіша праця з аналізу статистичної потужності та визначення розміру ефекту. Незамінна для розуміння розділу 2.}
}

@book{Newcombe2012,
  author    = {Newcombe, Robert G.},
  title     = {Confidence Intervals for Proportions and Related Measures of Effect Size},
  publisher = {Chapman and Hall/CRC},
  year      = {2012},
  isbn      = {978-1439812785},
  annote    = {Детальний розгляд різних методів побудови довірчих інтервалів для біноміальних пропорцій, включаючи інтервал Вілсона, згаданий у вашому посібнику (2.6.2).}
}

@book{Efron1994,
  author    = {Efron, Bradley and Tibshirani, Robert J.},
  title     = {An Introduction to the Bootstrap},
  publisher = {Chapman and Hall/CRC},
  year      = {1993},
  isbn      = {978-0412042317},
  annote    = {Класична книга про методи ресемплінгу (бутстреп), які тісно пов'язані з методами Монте-Карло (Розділ 5) для оцінки точності та побудови довірчих інтервалів.}
}

@book{Robert2004,
  author    = {Robert, Christian P. and Casella, George},
  title     = {Monte Carlo Statistical Methods},
  edition   = {2nd},
  publisher = {Springer},
  year      = {2004},
  isbn      = {978-0387212395},
  annote    = {Фундаментальна праця з методів Монте-Карло в статистиці. Корисна для глибокого розуміння теорії за розділом 5.}
}

@article{Student1908,
  author  = {{Student}},
  title   = {The Probable Error of a Mean},
  journal = {Biometrika},
  volume  = {6},
  number  = {1},
  pages   = {1--25},
  year    = {1908},
  doi     = {10.1093/biomet/6.1.1},
  annote  = {Оригінальна стаття В.С. Госсета (під псевдонімом Student), де було введено t-розподіл та t-тест. Важлива для історичного контексту Розділу 4.}
}

@article{Welch1947,
  author  = {Welch, B. L.},
  title   = {The generalization of `Student's' problem when several different population variances are involved},
  journal = {Biometrika},
  volume  = {34},
  number  = {1-2},
  pages   = {28--35},
  year    = {1947},
  doi     = {10.1093/biomet/34.1-2.28},
  annote  = {Стаття, що представляє t-тест Велча (Welch's t-test), який використовується при нерівних дисперсіях у двовибірковому тесті (згадано в 4.6.1).}
}

@article{Wilson1927,
  author  = {Wilson, Edwin B.},
  title   = {Probable inference, the law of succession, and statistical inference},
  journal = {Journal of the American Statistical Association},
  volume  = {22},
  number  = {158},
  pages   = {209--212},
  year    = {1927},
  doi     = {10.1080/01621459.1927.10502953},
  annote  = {Стаття, де було запропоновано довірчий інтервал Вілсона для біноміальної пропорції (згадано в 2.6.2).}
}

@article{Fisher1922,
  author  = {Fisher, R. A.},
  title   = {On the mathematical foundations of theoretical statistics},
  journal = {Philosophical Transactions of the Royal Society of London. Series A},
  volume  = {222},
  number  = {594-604},
  pages   = {309--368},
  year    = {1922},
  doi     = {10.1098/rsta.1922.0009},
  annote  = {Одна з ключових робіт Фішера, що заклала основи сучасної статистики, включаючи поняття правдоподібності, достатності та ефективності. Дотична до Z-критерію Фішера.}
}

@article{Neyman1933,
  author  = {Neyman, J. and Pearson, E. S.},
  title   = {On the Problem of the Most Efficient Tests of Statistical Hypotheses},
  journal = {Philosophical Transactions of the Royal Society of London. Series A},
  volume  = {231},
  number  = {694-706},
  pages   = {289--337},
  year    = {1933},
  doi     = {10.1098/rsta.1933.0009},
  annote  = {Фундаментальна робота Неймана та Пірсона, що формалізувала теорію перевірки гіпотез (нульова/альтернативна гіпотези, помилки I та II роду, потужність), що лежить в основі розділів 1 та 2.}
}


%%% Документація Бібліотек Python %%%

@manual{ScipyStats,
  title     = {{SciPy} v1.11.2 Manual: Statistical functions (`scipy.stats`)},
  author    = {{SciPy community}},
  year      = {2023},
  url       = {https://docs.scipy.org/doc/scipy/reference/stats.html},
  urldate   = {2023-10-27},
  annote    = {Офіційна документація модуля `scipy.stats`. Незамінний ресурс для використання функцій біноміального, нормального, t-розподілів, `binomtest`, `ttest_1samp`, `ttest_ind`, обчислення p-значень, довірчих інтервалів тощо.}
}

@manual{Statsmodels,
  title     = {{Statsmodels}: Statistics in Python},
  author    = {{Statsmodels development team}},
  year      = {2023},
  url       = {https://www.statsmodels.org/stable/index.html},
  urldate   = {2023-10-27},
  annote    = {Документація бібліотеки Statsmodels. Надає додаткові тести (напр., `proportions_ztest`), інструменти для аналізу потужності (`power`), розширені моделі та методи побудови довірчих інтервалів (включаючи Вілсона).}
}

@manual{Numpy,
  title     = {{NumPy} v1.25 Manual},
  author    = {{NumPy community}},
  year      = {2023},
  url       = {https://numpy.org/doc/stable/},
  urldate   = {2023-10-27},
  annote    = {Документація NumPy. Основа для числових операцій в Python, використовується для генерації даних (напр., для Монте-Карло), маніпуляцій масивами перед статистичним аналізом.}
}

@manual{Pandas,
  title     = {{pandas} 2.1.1 documentation},
  author    = {{The pandas development team}},
  year      = {2023},
  url       = {https://pandas.pydata.org/pandas-docs/stable/},
  urldate   = {2023-10-27},
  annote    = {Документація Pandas. Ключова бібліотека для роботи з табличними даними (DataFrames), необхідна для завантаження, очищення та підготовки даних для аналізу в SciPy/Statsmodels.}
}

%%% Українські Підручники %%%

@book{Turchyn2006,
  author    = {Турчин, В. М.},
  title     = {Теорія ймовірностей і математична статистика. Основні поняття, приклади, задачі},
  publisher = {ІМА-прес},
  year      = {2014},
  address   = {Дніпропетровськ},
  isbn      = {978-966-331-535-5},
  annote    = {Український підручник, що охоплює основи ТЙМС, включаючи розподіли, оцінювання параметрів, перевірку гіпотез. Корисний для термінології.}
}

@book{Zhluktenko2006,
  author    = {Жлуктенко, В. І. and Наконечний, С. І.},
  title     = {Теорія ймовірностей і математична статистика: Навч.-метод. посібник. У 2 ч. Ч. II. Математична статистика},
  publisher = {КНЕУ},
  year      = {2001},
  address   = {Київ},
  isbn      = {966-574-153-5},
  annote    = {Навчально-методичний посібник від КНЕУ, частина якого присвячена математичній статистиці, включаючи оцінювання та перевірку гіпотез.}
}