@Book{lemons2002,
  title     = {An Introduction to Stochastic Processes in Physics},
  author    = {Don S. Lemons},
  year      = {2002},
  publisher = {The Johns Hopkins University Press},
  isbn      = {0-8018-6866-1}
}

@Book{Gnedenko2021,
  title     = {Limit Distributions for Sums of Independent Random Variables},
  author    = {Boris V. Gnedenko and Alexander N. Kolmogorov},
  year      = {2021},
  publisher = {Martino Fine Books},
  isbn      = {978-1-68422-579-8}
}
